@book{Nugent1979_cavaliers3,
  author    = {Nugent, Nell Marion},
  title     = {Cavaliers and Pioneers: Abstracts of Virginia Land Patents and Grants},
  volume    = {3},
  year      = {1979},
  publisher = {Virginia State Library},
  address   = {Richmond, Virginia},
  note      = {Fourth impression, 2004. Covers patents from 1695-1732, drawn from Patent Books 9-14.},
  isbn      = {0-88490-083-5},
  pages     = {578}
} 