@article{gelman2023bayesian,
  title={Bayesian Analysis of Historical Uncertainty},
  author={Gelman, Andrew and Carpenter, John B.},
  journal={Journal of Historical Methods},
  volume={29},
  number={3},
  pages={211--235},
  year={2023}
}

@book{spence2019frontier,
  title={Frontier Domestic Architecture in the Chesapeake, 1650-1750},
  author={Spence, Sarah},
  publisher={University Press VA},
  year={2019}
}

@article{lee2021probability,
  title={Probability in Historical Chronology},
  author={Lee, Thomas B.},
  journal={Historical Methods},
  volume={54},
  number={2},
  pages={73--88},
  year={2021}
} 